<?xml version="1.0" encoding="UTF-8"?><collection><record><leader>05538ntm a2200541 a 4500</leader><controlfield tag="001">005988885</controlfield><controlfield tag="003">MiAaHDL</controlfield><controlfield tag="005">20190719000000.0</controlfield><controlfield tag="006">m        d        </controlfield><controlfield tag="007">cr bn ---auaua</controlfield><controlfield tag="008">090406q15801620xx            00| ||ara d</controlfield><datafield tag="035" ind1=" " ind2=" "><subfield code="a">(MiU)005988885</subfield></datafield><datafield tag="035" ind1=" " ind2=" "><subfield code="a">sdr-miu005988885</subfield></datafield><datafield tag="040" ind1=" " ind2=" "><subfield code="a">MiU</subfield><subfield code="c">MiU</subfield><subfield code="e">amremm</subfield></datafield><datafield tag="043" ind1=" " ind2=" "><subfield code="a">n-us-mi</subfield></datafield><datafield tag="100" ind1="1" ind2=" "><subfield code="6">880-01</subfield><subfield code="a">Shāfiʻī, Shihāb al-Dīn Aḥmad ibn al-Ḥusayn.</subfield></datafield><datafield tag="240" ind1="1" ind2="0"><subfield code="6">880-02</subfield><subfield code="a">Dāʻī ilá ashraf al-masāʻī</subfield></datafield><datafield tag="245" ind1="1" ind2="3"><subfield code="6">880-03</subfield><subfield code="a">al-Dāʻī ilá ashraf al-masāʻī fī ṣifat al-jannah wa-ahlihā wa-mā aʻaddahu Allāh li-ahlihā min al-naʻīm al-muqīm,</subfield><subfield code="f">[late 16th or early 17th century?].</subfield></datafield><datafield tag="260" ind1=" " ind2=" "><subfield code="c">[between 1580 and 1620?]</subfield></datafield><datafield tag="300" ind1=" " ind2=" "><subfield code="a">74 leaves :</subfield><subfield code="b">paper ;</subfield><subfield code="c">215 x 155 (155 x 95) mm.</subfield></datafield><datafield tag="500" ind1=" " ind2=" "><subfield code="a">Shelfmark: Ann Arbor, University of Michigan, Special Collections Library, Isl. Ms. 40</subfield></datafield><datafield tag="500" ind1=" " ind2=" "><subfield code="a">Origin: Lacks dated colophon ; paper suggests 17th century.</subfield></datafield><datafield tag="500" ind1=" " ind2=" "><subfield code="a">Accompanying materials: Inserts carrying notes (paginated pp.67-68 and pp.109-110).</subfield></datafield><datafield tag="500" ind1=" " ind2=" "><subfield code="a">Former shelfmark: British Museum, London "No. 19. Al-Dai ila ashraf al-masai." ;</subfield></datafield><datafield tag="500" ind1=" " ind2=" "><subfield code="a">Binding: Pasteboards covered in laid paper with dark brown leather over spine, foreedge flap, and edges/turn-ins ; Type II binding (with flap) ; sewn in red thread, two stations ; worked endbands in red and green, poor condition ; overall in poor condition with significant abrasion, losses and lifting of paper and leather, upper and lower covers detaching at spine, delamination of boards, moisture damage, etc.</subfield></datafield><datafield tag="500" ind1=" " ind2=" "><subfield code="a">Support: European laid paper with 8 laid lines per cm. (vertical) ; chain lines spaced roughly 30 mm. apart (horizontal) ; anchor in circle watermark ; quite thick and sturdy ; well-burnished.</subfield></datafield><datafield tag="500" ind1=" " ind2=" "><subfield code="a">Decoration: Section headings, keywords and abbreviation symbols rubricated ; occasional textual dividers in the form of three dots in red.</subfield></datafield><datafield tag="500" ind1=" " ind2=" "><subfield code="a">Script: Naskh ; clear Syrian [?] hand ; virtually serifless ; both lām alif warrāqīyah and lām alif mukhaffafah mursalah used ; descenders mainly tapered and rectilinear ; closed and open counters ; compact in the vertical, with some elongation in the horizontal ; pointing in distinct dots ; even alif maqṣūrah pointed as yāʼ ; occasionally vocalized.</subfield></datafield><datafield tag="500" ind1=" " ind2=" "><subfield code="a">Layout: Written in 23 lines per page ; frame-ruled.</subfield></datafield><datafield tag="500" ind1=" " ind2=" "><subfield code="a">Collation: V-1 (9), 2 V(29), V-1 (38), 2 V(58), V-1 (67), IV-1 (74) ; chiefly quinions ; quire numbering in the form of whole words ("ثاني كراس" etc.) appears on recto of first leaf of each quire ; catchwords present ; pagination in pencil, Western numerals, supplied during digitization (includes inserts).</subfield></datafield><datafield tag="500" ind1=" " ind2=" "><subfield code="a">Explicit: "فيقول يا رب الم تغفر لي فيقول بلى بمغفرتي بلغت منزلتك هذه تم الكتاب بحمد الله وعونه وحسن توفيقه وصلى الله على سيدنا محمد واله وصحبه وسلم"</subfield></datafield><datafield tag="500" ind1=" " ind2=" "><subfield code="a">Incipit: "قال الشيخ الامام العالم العلامة شيخ الاسلام فريد عصره شهاب الدين ابو العباس احمد بن الحسين الشافعي امام جامع حمس المحروسة ... الحمد لله الذي اوضح لعباده الصالحين سبل الخير ... وبعد فهذا كتاب سميته الداعي الى اشرف المساعي في صفة الجنة واهلها وما اعده الله من النعيم فيها لخصته من كتاب حادي الارواح الى بلاد الافراح جمع شيخنا الامام العلامة ابي عبد [الله] محمد بن القيم رحمه الله وخلصته من المباحث والاسناد ..."</subfield></datafield><datafield tag="500" ind1=" " ind2=" "><subfield code="a">Title from 'title page' inscription on p.1.</subfield></datafield><datafield tag="500" ind1=" " ind2=" "><subfield code="a">Ms. codex.</subfield></datafield><datafield tag="510" ind1="4" ind2=" "><subfield code="a">Ḥājjī Khalīfah. Kashf al-ẓunūn,</subfield><subfield code="c">1 / 608</subfield></datafield><datafield tag="520" ind1="0" ind2=" "><subfield code="a">Fine copy of the abridgement of Ibn Qayyim al-Jawzīyah's Hādī al-arwāḥ ilá bilād al-afrāḥ, a description of the inhabitants of Paradise, supplied by his student, Shihāb al-Dīn Abū al-ʻAbbās Aḥmad ibn al-Ḥusayn al-Shāfiʻī, via removal of the isnāds (asānīd). Followed by a treatment for qūbah (skin eruptions or ringworm). Description provided by Maxim Romanov.</subfield></datafield><datafield tag="538" ind1=" " ind2=" "><subfield code="a">Mode of access: Internet.</subfield></datafield><datafield tag="541" ind1=" " ind2=" "><subfield code="c">Purchase ;</subfield><subfield code="a">Acquired by purchase (funds donated by Horace Rackham).</subfield><subfield code="d">1924.</subfield></datafield><datafield tag="546" ind1=" " ind2=" "><subfield code="a">Arabic.</subfield></datafield><datafield tag="561" ind1=" " ind2=" "><subfield code="a">Bookplate of British Museum, London on upper cover, "British Museum, London. No. 19. Al-Dai ila ashraf al-masai." ; circular seal impression with figure of goat/gazelle in purple ink as well as inscription "599" [?] in Western numerals on 'title page' (p.1) ; former owner's mark appears on 'title page' (p.1) and verso of final leaf (p.152) ; occasional marginal corrections.</subfield></datafield><datafield tag="650" ind1=" " ind2="0"><subfield code="a">Manuscripts, Arabic</subfield><subfield code="z">Michigan</subfield><subfield code="z">Ann Arbor.</subfield></datafield><datafield tag="650" ind1=" " ind2="0"><subfield code="a">Hanbalites</subfield><subfield code="v">Early works to 1800.</subfield></datafield><datafield tag="650" ind1=" " ind2="0"><subfield code="a">Paradise</subfield><subfield code="x">Islam</subfield><subfield code="v">Early works to 1800.</subfield></datafield><datafield tag="650" ind1=" " ind2="0"><subfield code="a">Sufism</subfield><subfield code="x">Doctrines</subfield><subfield code="v">Early works to 1800.</subfield></datafield><datafield tag="773" ind1="0" ind2=" "><subfield code="a">Tiflis Collection.</subfield></datafield><datafield tag="880" ind1="1" ind2="2"><subfield code="6">245-03/</subfield><subfield code="a">الداعي الى أشرف المساعي في صفة الجنة واهلها وما اعده الله لاهلها من النعيم المقيم,</subfield><subfield code="f">[اواخر القرن 16م او اوائل القرن 17م؟].</subfield></datafield><datafield tag="880" ind1="1" ind2="0"><subfield code="6">240-02/</subfield><subfield code="a">داعي الى اشرف المساعي</subfield></datafield><datafield tag="880" ind1="1" ind2=" "><subfield code="6">100-01/</subfield><subfield code="a">شافعي، شهاب الدين احمد بن الحسين.</subfield></datafield><datafield tag="CID" ind1=" " ind2=" "><subfield code="a">005988885</subfield></datafield><datafield tag="DAT" ind1="0" ind2=" "><subfield code="a">20190719102634.0</subfield><subfield code="b">20190719000000.0</subfield></datafield><datafield tag="DAT" ind1="1" ind2=" "><subfield code="a">20190719090653.0</subfield><subfield code="b">2019-07-19T16:11:10Z</subfield></datafield><datafield tag="DAT" ind1="2" ind2=" "><subfield code="a">2015-10-02T18:00:03Z</subfield></datafield><datafield tag="CAT" ind1=" " ind2=" "><subfield code="a">SDR-MIU</subfield><subfield code="d">EX LIBRIS - ALEPH</subfield><subfield code="l">prepare.pl-004-008</subfield></datafield><datafield tag="FMT" ind1=" " ind2=" "><subfield code="a">BK</subfield></datafield><datafield tag="HOL" ind1=" " ind2=" "><subfield code="0">sdr-miu005988885</subfield><subfield code="a">MiU</subfield><subfield code="b">SDR</subfield><subfield code="c">MIU</subfield><subfield code="p">mdp.39015079105360</subfield><subfield code="s">MIU</subfield><subfield code="1">005988885</subfield></datafield><datafield tag="974" ind1=" " ind2=" "><subfield code="b">MIU</subfield><subfield code="c">MIU</subfield><subfield code="d">20190719</subfield><subfield code="s">lit-dlps-dc</subfield><subfield code="u">mdp.39015079105360</subfield><subfield code="y">1620</subfield><subfield code="r">pd</subfield><subfield code="q">bib</subfield><subfield code="t">non-US bib date2 &lt; 1879</subfield></datafield></record></collection>